<?xml version="1.0" encoding="UTF-8"?>
<marc:records xmlns:marc="http://www.loc.gov/MARC21/slim" xmlns:xsi="http://www.w3.org/2001/XMLSchema-instance" xsi:schemaLocation="http://www.loc.gov/MARC21/slim http://www.loc.gov/standards/marcxml/schema/MARC21slim.xsd">
  <marc:record>
    <marc:leader>02868ntm a2200361 a 4500</marc:leader>
    <marc:controlfield tag="001">9977155141403681</marc:controlfield>
    <marc:controlfield tag="005">20210929170149.0</marc:controlfield>
    <marc:controlfield tag="008">170907q15341599xxk     r     000 0 eng d</marc:controlfield>
    <marc:datafield ind1=" " ind2=" " tag="035">
  <marc:subfield code="a">(OCoLC)on1150230232</marc:subfield>
</marc:datafield>
    <marc:datafield ind1=" " ind2=" " tag="035">
  <marc:subfield code="a">(OCoLC)1150230232</marc:subfield>
</marc:datafield>
    <marc:datafield ind1=" " ind2=" " tag="035">
  <marc:subfield code="a">(PUVoyagerBIBID)9977155141403681</marc:subfield>
</marc:datafield>
    <marc:datafield ind1=" " ind2=" " tag="040">
  <marc:subfield code="a">PAU</marc:subfield>
  <marc:subfield code="b">eng</marc:subfield>
  <marc:subfield code="e">dacs</marc:subfield>
  <marc:subfield code="c">PAU</marc:subfield>
</marc:datafield>
    <marc:datafield ind1=" " ind2="9" tag="099">
  <marc:subfield code="a">Ms. Coll. 591</marc:subfield>
  <marc:subfield code="e">Folder 46</marc:subfield>
</marc:datafield>
    <marc:datafield ind1="1" ind2=" " tag="100">
  <marc:subfield code="a">More, Thomas,</marc:subfield>
  <marc:subfield code="c">Saint,</marc:subfield>
  <marc:subfield code="d">1478-1535.</marc:subfield>
</marc:datafield>
    <marc:datafield ind1="1" ind2="0" tag="245">
  <marc:subfield code="a">Leaves from a manuscript compilation of works of Thomas More,</marc:subfield>
  <marc:subfield code="f">between approximately 1534 and 1599?</marc:subfield>
</marc:datafield>
    <marc:datafield ind1=" " ind2=" " tag="300">
  <marc:subfield code="a">1</marc:subfield>
  <marc:subfield code="f">item (2 leaves)</marc:subfield>
</marc:datafield>
    <marc:datafield ind1=" " ind2=" " tag="520">
  <marc:subfield code="a">Two leaves from a mid- to late-16th-century volume of multiple works of Thomas More, written in 33-36 lines of secretary script with running titles in the top margin and capital letters marking sections in the left margin.  The leaves are half-median or chancery folio paper, with a watermark of a glove surmounted by a trefoil.  Leaf 1 (244 x 170 mm), with running title The fourth booke, contains text from More's The answere to the fyrst parte of the poysened booke, book 4, chapters 2-3, corresponding roughly, with textual variants, to pages clxxxvii-cxc in the edition printed in 1534 (STC 18077).  Leaf 2 (245 x 174 mm), with running title The thyrde booke, contains text from More's Dyaloge of dyvers matters, correspondingly roughly to pages cxviii-cxviiii in the edition printed in 1530 (STC 18085).  Both works are defenses of the Catholic Church against Protestant challengers.</marc:subfield>
</marc:datafield>
    <marc:datafield ind1="1" ind2=" " tag="561">
  <marc:subfield code="a">Sold at auction at Addison &amp; Sarova Auctioneers (Macon, Georgia), 5 November 2016, lot 189 (Leaf 1), and 26 August 2017, lot 61 (Leaf 2).</marc:subfield>
</marc:datafield>
    <marc:datafield ind1=" " ind2=" " tag="581">
  <marc:subfield code="a">Described, together with other leaves from the same parent manuscript, by Edwards, A.S.G. and Mitch Fraas.  "A new manuscript of More's English works."  The Library:  The Transactions of the Bibliographical Society, Seventh Series, 20 (March 2019), p. 89-93.</marc:subfield>
</marc:datafield>
    <marc:datafield ind1=" " ind2=" " tag="590">
  <marc:subfield code="a">Acquired for the Penn Libraries with assistance from the M. A. Shaaber Fund.</marc:subfield>
</marc:datafield>
    <marc:datafield ind1="1" ind2="0" tag="600">
  <marc:subfield code="a">Tyndale, William,</marc:subfield>
  <marc:subfield code="d">-1536.</marc:subfield>
  <marc:subfield code="t">Souper of the Lorde.</marc:subfield>
</marc:datafield>
    <marc:datafield ind1="2" ind2="0" tag="610">
  <marc:subfield code="a">Catholic Church</marc:subfield>
  <marc:subfield code="x">Doctrines</marc:subfield>
  <marc:subfield code="v">Early works to 1800.</marc:subfield>
</marc:datafield>
    <marc:datafield ind1="2" ind2="0" tag="610">
  <marc:subfield code="a">Catholic Church</marc:subfield>
  <marc:subfield code="v">Apologetic works</marc:subfield>
  <marc:subfield code="v">Early works to 1800.</marc:subfield>
</marc:datafield>
    <marc:datafield ind1=" " ind2="7" tag="655">
  <marc:subfield code="a">Polemics.</marc:subfield>
  <marc:subfield code="2">aat</marc:subfield>
</marc:datafield>
    <marc:datafield ind1=" " ind2="7" tag="655">
  <marc:subfield code="a">Fragments (object portions)</marc:subfield>
  <marc:subfield code="2">aat</marc:subfield>
</marc:datafield>
    <marc:datafield ind1=" " ind2="0" tag="655">
  <marc:subfield code="a">Manuscripts, Renaissance.</marc:subfield>
</marc:datafield>
    <marc:datafield ind1=" " ind2="7" tag="655">
  <marc:subfield code="a">Manuscripts, English</marc:subfield>
  <marc:subfield code="y">16th century.</marc:subfield>
  <marc:subfield code="2">local</marc:subfield>
</marc:datafield>
    <marc:datafield ind1="2" ind2=" " tag="710">
  <marc:subfield code="a">M. A. Shaaber Fund.</marc:subfield>
  <marc:subfield code="5">PU</marc:subfield>
</marc:datafield>
    <marc:datafield ind1="0" ind2=" " tag="773">
  <marc:subfield code="t">Manuscript Fragment Collection.</marc:subfield>
  <marc:subfield code="g">Folder 46</marc:subfield>
</marc:datafield>
    <marc:datafield ind1="0" ind2="0" tag="773">
  <marc:subfield code="t">M. A. Shaaber Fund.</marc:subfield>
</marc:datafield>
    <marc:datafield ind1=" " ind2=" " tag="852">
  <marc:subfield code="b">Kislak Center for Special Collections, Rare Books and Manuscripts</marc:subfield>
  <marc:subfield code="a">University of Pennsylvania</marc:subfield>
  <marc:subfield code="e">3420 Walnut Street, Philadelphia, Pennsylvania 19104-6206.</marc:subfield>
  <marc:subfield code="j">Ms. Coll. 591</marc:subfield>
</marc:datafield>
    <marc:datafield ind1="4" ind2="2" tag="856">
  <marc:subfield code="3">The M. A. Shaaber Fund Home Page</marc:subfield>
  <marc:subfield code="u">http://hdl.library.upenn.edu/1017.12/366280</marc:subfield>
</marc:datafield>
    <marc:datafield ind1="4" ind2="1" tag="856">
  <marc:subfield code="z">Digital facsimile for browsing (Colenda)</marc:subfield>
  <marc:subfield code="u">https://colenda.library.upenn.edu/catalog/81431-p3rn3097x</marc:subfield>
</marc:datafield>
    <marc:datafield ind1=" " ind2=" " tag="999">
  <marc:subfield code="a">DLA</marc:subfield>
  <marc:subfield code="b">20180905</marc:subfield>
</marc:datafield>
    <marc:holdings>
      <marc:holding>
        <marc:holding_id>22509674070003681</marc:holding_id>
        <marc:call_number>Ms. Coll. 591 Folder 46</marc:call_number>
        <marc:library>KislakCntr</marc:library>
        <marc:location>scmss</marc:location>
      </marc:holding>
    </marc:holdings>
  </marc:record>
</marc:records>
